@article{bahdanau2014neural,
  title={Neural machine translation by jointly learning to align and translate},
  author={Bahdanau, Dzmitry and Cho, Kyunghyun and Bengio, Yoshua},
  journal={arXiv preprint arXiv:1409.0473},
  year={2014}
}

@article{luong2015effective,
  title={Effective approaches to attention-based neural machine translation},
  author={Luong, Minh-Thang and Pham, Hieu and Manning, Christopher D},
  journal={arXiv preprint arXiv:1508.04025},
  year={2015}
}

@article{daniluk2017frustratingly,
  title={Frustratingly short attention spans in neural language modeling},
  author={Daniluk, Micha{\l} and Rockt{\"a}schel, Tim and Welbl, Johannes and Riedel, Sebastian},
  journal={arXiv preprint arXiv:1702.04521},
  year={2017}
}

@article{gehring2017convolutional,
  title={Convolutional sequence to sequence learning},
  author={Gehring, Jonas and Auli, Michael and Grangier, David and Yarats, Denis and Dauphin, Yann N},
  journal={arXiv preprint arXiv:1705.03122},
  year={2017}
}

@inproceedings{vaswani2017attention,
  title={Attention is all you need},
  author={Vaswani, Ashish and Shazeer, Noam and Parmar, Niki and Uszkoreit, Jakob and Jones, Llion and Gomez, Aidan N and Kaiser, {\L}ukasz and Polosukhin, Illia},
  booktitle={Advances in Neural Information Processing Systems},
  pages={5998--6008},
  year={2017}
}

@article{liu2018generating,
  title={Generating wikipedia by summarizing long sequences},
  author={Liu, Peter J and Saleh, Mohammad and Pot, Etienne and Goodrich, Ben and Sepassi, Ryan and Kaiser, Lukasz and Shazeer, Noam},
  journal={arXiv preprint arXiv:1801.10198},
  year={2018}
}

@article{kitaev2018constituency,
  title={Constituency Parsing with a Self-Attentive Encoder},
  author={Kitaev, Nikita and Klein, Dan},
  journal={arXiv preprint arXiv:1805.01052},
  year={2018}
}

@article{parmar2018image,
  title={Image Transformer},
  author={Parmar, Niki and Vaswani, Ashish and Uszkoreit, Jakob and Kaiser, {\L}ukasz and Shazeer, Noam and Ku, Alexander},
  journal={arXiv preprint arXiv:1802.05751},
  year={2018}
}

@article{zhou2018syllable,
  title={Syllable-Based Sequence-to-Sequence Speech Recognition with the Transformer in Mandarin Chinese},
  author={Zhou, Shiyu and Dong, Linhao and Xu, Shuang and Xu, Bo},
  journal={arXiv preprint arXiv:1804.10752},
  year={2018}
}

@article{zhou2018multilingual,
  title={Multilingual End-to-End Speech Recognition with A Single Transformer on Low-Resource Languages},
  author={Zhou, Shiyu and Xu, Shuang and Xu, Bo},
  journal={arXiv preprint arXiv:1806.05059},
  year={2018}
}

@article{hornik1989multilayer,
  title={Multilayer feedforward networks are universal approximators},
  author={Hornik, Kurt and Stinchcombe, Maxwell and White, Halbert},
  journal={Neural networks},
  volume={2},
  number={5},
  pages={359--366},
  year={1989},
  publisher={Elsevier}
}

@article{srivastava2014dropout,
  title={Dropout: a simple way to prevent neural networks from overfitting},
  author={Srivastava, Nitish and Hinton, Geoffrey and Krizhevsky, Alex and Sutskever, Ilya and Salakhutdinov, Ruslan},
  journal={The Journal of Machine Learning Research},
  volume={15},
  number={1},
  pages={1929--1958},
  year={2014},
  publisher={JMLR. org}
}

@inproceedings{he2016deep,
  title={Deep residual learning for image recognition},
  author={He, Kaiming and Zhang, Xiangyu and Ren, Shaoqing and Sun, Jian},
  booktitle={Proceedings of the IEEE conference on computer vision and pattern recognition},
  pages={770--778},
  year={2016}
}

@article{ba2016layer,
  title={Layer normalization},
  author={Ba, Jimmy Lei and Kiros, Jamie Ryan and Hinton, Geoffrey E},
  journal={arXiv preprint arXiv:1607.06450},
  year={2016}
}

@article{press2016using,
  title={Using the output embedding to improve language models},
  author={Press, Ofir and Wolf, Lior},
  journal={arXiv preprint arXiv:1608.05859},
  year={2016}
}

@article{williams1989learning,
  title={A learning algorithm for continually running fully recurrent neural networks},
  author={Williams, Ronald J and Zipser, David},
  journal={Neural computation},
  volume={1},
  number={2},
  pages={270--280},
  year={1989},
  publisher={MIT Press}
}

@article{gehring2017convolutional,
  title={Convolutional sequence to sequence learning},
  author={Gehring, Jonas and Auli, Michael and Grangier, David and Yarats, Denis and Dauphin, Yann N},
  journal={arXiv preprint arXiv:1705.03122},
  year={2017}
}

@inproceedings{napoles2010learning,
  title={Learning simple Wikipedia: A cogitation in ascertaining abecedarian language},
  author={Napoles, Courtney and Dredze, Mark},
  booktitle={Proceedings of the NAACL HLT 2010 Workshop on Computational Linguistics and Writing: Writing Processes and Authoring Aids},
  pages={42--50},
  year={2010},
  organization={Association for Computational Linguistics}
}

@inproceedings{coster2011simple,
  title={Simple English Wikipedia: a new text simplification task},
  author={Coster, William and Kauchak, David},
  booktitle={Proceedings of the 49th Annual Meeting of the Association for Computational Linguistics: Human Language Technologies: short papers-Volume 2},
  pages={665--669},
  year={2011},
  organization={Association for Computational Linguistics}
}

@inproceedings{wubben2012sentence,
  title={Sentence simplification by monolingual machine translation},
  author={Wubben, Sander and Van Den Bosch, Antal and Krahmer, Emiel},
  booktitle={Proceedings of the 50th Annual Meeting of the Association for Computational Linguistics: Long Papers-Volume 1},
  pages={1015--1024},
  year={2012},
  organization={Association for Computational Linguistics}
}

@inproceedings{narayan2014hybrid,
  title={Hybrid simplification using deep semantics and machine translation},
  author={Narayan, Shashi and Gardent, Claire},
  booktitle={Proceedings of the 52nd Annual Meeting of the Association for Computational Linguistics (Volume 1: Long Papers)},
  volume={1},
  pages={435--445},
  year={2014}
}

@inproceedings{hwang2015aligning,
  title={Aligning sentences from standard wikipedia to simple wikipedia},
  author={Hwang, William and Hajishirzi, Hannaneh and Ostendorf, Mari and Wu, Wei},
  booktitle={Proceedings of the 2015 Conference of the North American Chapter of the Association for Computational Linguistics: Human Language Technologies},
  pages={211--217},
  year={2015}
}

@article{xu2015problems,
  title={Problems in current text simplification research: New data can help},
  author={Xu, Wei and Callison-Burch, Chris and Napoles, Courtney},
  journal={Transactions of the Association of Computational Linguistics},
  volume={3},
  number={1},
  pages={283--297},
  year={2015}
}

@inproceedings{vstajner2015deeper,
  title={A deeper exploration of the standard PB-SMT approach to text simplification and its evaluation},
  author={{\v{S}}tajner, Sanja and B{\'e}chara, Hannah and Saggion, Horacio},
  booktitle={Proceedings of the 53rd Annual Meeting of the Association for Computational Linguistics and the 7th International Joint Conference on Natural Language Processing (Volume 2: Short Papers)},
  volume={2},
  pages={823--828},
  year={2015}
}

@article{xu2016optimizing,
  title={Optimizing statistical machine translation for text simplification},
  author={Xu, Wei and Napoles, Courtney and Pavlick, Ellie and Chen, Quanze and Callison-Burch, Chris},
  journal={Transactions of the Association for Computational Linguistics},
  volume={4},
  pages={401--415},
  year={2016}
}

@article{wang2016experimental,
  title={An experimental study of lstm encoder-decoder model for text simplification},
  author={Wang, Tong and Chen, Ping and Amaral, Kevin and Qiang, Jipeng},
  journal={arXiv preprint arXiv:1609.03663},
  year={2016}
}

@article{zhang2017constrained,
  title={A constrained sequence-to-sequence neural model for sentence simplification},
  author={Zhang, Yaoyuan and Ye, Zhenxu and Feng, Yansong and Zhao, Dongyan and Yan, Rui},
  journal={arXiv preprint arXiv:1704.02312},
  year={2017}
}

@article{vu2018sentence,
  title={Sentence Simplification with Memory-Augmented Neural Networks},
  author={Vu, Tu and Hu, Baotian and Munkhdalai, Tsendsuren and Yu, Hong},
  journal={arXiv preprint arXiv:1804.07445},
  year={2018}
}

@inproceedings{sutskever2014sequence,
  title={Sequence to sequence learning with neural networks},
  author={Sutskever, Ilya and Vinyals, Oriol and Le, Quoc V},
  booktitle={Advances in neural information processing systems},
  pages={3104--3112},
  year={2014}
}

@article{kalchbrenner2016neural,
  title={Neural machine translation in linear time},
  author={Kalchbrenner, Nal and Espeholt, Lasse and Simonyan, Karen and Oord, Aaron van den and Graves, Alex and Kavukcuoglu, Koray},
  journal={arXiv preprint arXiv:1610.10099},
  year={2016}
}

@article{parikh2016decomposable,
  title={A decomposable attention model for natural language inference},
  author={Parikh, Ankur P and T{\"a}ckstr{\"o}m, Oscar and Das, Dipanjan and Uszkoreit, Jakob},
  journal={arXiv preprint arXiv:1606.01933},
  year={2016}
}

@inproceedings{szegedy2016rethinking,
  title={Rethinking the inception architecture for computer vision},
  author={Szegedy, Christian and Vanhoucke, Vincent and Ioffe, Sergey and Shlens, Jon and Wojna, Zbigniew},
  booktitle={Proceedings of the IEEE conference on computer vision and pattern recognition},
  pages={2818--2826},
  year={2016}
}

@article{luong2016achieving,
  title={Achieving open vocabulary neural machine translation with hybrid word-character models},
  author={Luong, Minh-Thang and Manning, Christopher D},
  journal={arXiv preprint arXiv:1604.00788},
  year={2016}
}

@article{wu2016google,
  title={Google's neural machine translation system: Bridging the gap between human and machine translation},
  author={Wu, Yonghui and Schuster, Mike and Chen, Zhifeng and Le, Quoc V and Norouzi, Mohammad and Macherey, Wolfgang and Krikun, Maxim and Cao, Yuan and Gao, Qin and Macherey, Klaus and others},
  journal={arXiv preprint arXiv:1609.08144},
  year={2016}
}

@article{kingma2014adam,
  title={Adam: A method for stochastic optimization},
  author={Kingma, Diederik P and Ba, Jimmy},
  journal={arXiv preprint arXiv:1412.6980},
  year={2014}
}

@inproceedings{gal2016theoretically,
  title={A theoretically grounded application of dropout in recurrent neural networks},
  author={Gal, Yarin and Ghahramani, Zoubin},
  booktitle={Advances in neural information processing systems},
  pages={1019--1027},
  year={2016}
}
